@book{Primzahlen,
author = {Ribenboim, Paulo},
year = {2011},
pages = {44-70},
title = {Die Welt der Primzahlen},
isbn = {978-3-642-18078-1},
publisher = {Springer},
journal = {Die Welt der Primzahlen: Geheimnisse und Rekorde, Springer-Lehrbuch, ISBN 978-3-642-18078-1. Springer-Verlag Berlin Heidelberg, 2011},
doi = {10.1007/978-3-642-18079-8}
}
@article{Karatsuba,
author = {Karatsuba, Anatolii and Ofman, Yu},
year = {1962},
month = {12},
pages = {595},
title = {Multiplication of Multidigit Numbers on Automata},
volume = {7},
journal = {Soviet Physics Doklady}
}
@ARTICLE{Gorner,
  author = {A. A. Nabebin},
  title = {Hornerâ€™s scheme in translation of great numbers from the system of representation
on the basis h to the system on the basis g},
  year = {2011},
  journal = {Scientific Notes of the Russian State Social University},
  pages = {132-134},
  number={11}
}
